@article{zhou_2019,
 title={The Effect of a Subway on House Prices: Evidence from Shanghai},
  volume={49},
   url={https://onlinelibrary.wiley.com/doi/abs/10.1111/1540-6229.12275},
    DOI={https://doi.org/10.1111/1540-6229.12275},
     number={S1}, journal={Real Estate Economics},
      publisher={Wiley},
       author={Zhou, Zhengyi and Chen, Hong and Han, Lu and Zhang, Anming}, year={2019}, month={Feb}, pages={199-234}}

@book{muth_1969,
  title={Cities and Housing: The Spatial Pattern of Urban Residential Land Use},
  author={Muth, Richard F.},
  year={1969},
  isbn = {9780226554136},
  publisher={The University of Chicago Press},
  address={Chicago and London}
}

@article{rietveld_2007,
author = {Rietveld, Piet and Debrezion, Ghebreegziabiher and Pels, Eric},
year = {2007},
month = {02},
pages = {161-180},
title = {The Impact of Railway Stations on Residential and Commercial Property Value: A Meta-Analysis},
volume = {35},
journal = {The Journal of Real Estate Finance and Economics},
doi = {10.1007/s11146-007-9032-z}
}

@misc{subway_wikipedia,
  author       = {{Wikipedia.org}},
  title        = {{List of London Underground stations}},
  year         = {2014},
  howpublished = {\url{https://en.wikipedia.org/wiki/List_of_London_Underground_stations}},
  note         = {Accessed: 2024-09-15}
}


@misc{land_ukgov,
  author       = {{HM Land Registry}},
  title        = {{Price Paid Data}},
  year         = {2014},
  month        = {jul},
  howpublished = {\url{https://www.gov.uk/government/statistical-data-sets/price-paid-data-downloads}},
  note         = {Accessed: 2024-09-15},
  journal      = {{GOV.UK}}
}

‌
‌